<?xml version="1.0" encoding="UTF-8"?><record xmlns="http://www.loc.gov/MARC21/slim" xmlns:cinclude="http://apache.org/cocoon/include/1.0" xmlns:zs="http://www.loc.gov/zing/srw/">
  <leader>00402nz  a2200121n  4500</leader>
  <controlfield tag="001">n  94098030 </controlfield>
  <controlfield tag="003">DLC</controlfield>
  <controlfield tag="005">19941012175325.6</controlfield>
  <controlfield tag="008">941012n| acannaab|          |n aaa |||  </controlfield>
  <datafield tag="010" ind1=" " ind2=" ">
    <subfield code="a">n  94098030 </subfield>
  </datafield>
  <datafield tag="040" ind1=" " ind2=" ">
    <subfield code="a">DLC</subfield>
    <subfield code="c">DLC</subfield>
  </datafield>
  <datafield tag="100" ind1="1" ind2="0">
    <subfield code="a">Peters, Martin D.</subfield>
    <subfield code="q">(Martin Dale),</subfield>
    <subfield code="d">1920-</subfield>
  </datafield>
  <datafield tag="670" ind1=" " ind2=" ">
    <subfield code="a">His The Peters family genealogy, between 1991 and 1994:</subfield>
    <subfield code="b">leaf ii (Martin D. Peters) leaf 14 (Martin Dale Peters; b. 06-21-20)</subfield>
  </datafield>
</record>